<record><leader>00000cas a22000007a 4500</leader><controlfield tag="001">19817731</controlfield><controlfield tag="008">890605d18991928mouwr ne      0    0eng d</controlfield><datafield ind1=" " ind2=" " tag="010"><subfield code="a">sn 89066150 </subfield></datafield><datafield ind1=" " ind2=" " tag="040"><subfield code="a">MQN</subfield><subfield code="b">eng</subfield><subfield code="c">MQN</subfield><subfield code="d">OCLCQ</subfield></datafield><datafield ind1=" " ind2=" " tag="042"><subfield code="a">msc</subfield></datafield><datafield ind1="0" ind2=" " tag="130"><subfield code="a">Chillicothe constitution (Chillicothe, Mo. : 1899 : Weekly ed.)</subfield></datafield><datafield ind1="1" ind2="0" tag="245"><subfield code="a">Chillicothe constitution.</subfield></datafield><datafield ind1=" " ind2=" " tag="250"><subfield code="a">Weekly ed.</subfield></datafield><datafield ind1=" " ind2=" " tag="260"><subfield code="a">Chillicothe, Mo. :</subfield><subfield code="b">Sherman M. Smith,</subfield><subfield code="c">1899-1928.</subfield></datafield><datafield ind1=" " ind2=" " tag="300"><subfield code="a">v.</subfield></datafield><datafield ind1=" " ind2=" " tag="310"><subfield code="a">Weekly,</subfield><subfield code="b">Oct. 11, 1900-Feb. 23, 1928</subfield></datafield><datafield ind1=" " ind2=" " tag="321"><subfield code="a">Semiweekly,</subfield><subfield code="b">Feb. 27, 1899-Sept. 27, 1900</subfield></datafield><datafield ind1="0" ind2=" " tag="362"><subfield code="a">Vol. 40, no. 6 (Feb. 27, 1899)-v. 35, no. [4] (Feb. 23, 1928).</subfield></datafield><datafield ind1=" " ind2=" " tag="515"><subfield code="a">Issue numbering dropped during latter portion of publication.</subfield></datafield><datafield ind1=" " ind2="4" tag="651"><subfield code="a">Chillicothe (Mo.)</subfield><subfield code="v">Newspapers.</subfield></datafield><datafield ind1=" " ind2=" " tag="752"><subfield code="a">United States</subfield><subfield code="b">Missouri</subfield><subfield code="c">Livingston</subfield><subfield code="d">Chillicothe.</subfield></datafield><datafield ind1="0" ind2=" " tag="775"><subfield code="t">Chillicothe constitution (Chillicothe, Mo. : 1890 : Daily)</subfield><subfield code="w">(DLC)sn 86063608</subfield></datafield><datafield ind1="0" ind2="0" tag="780"><subfield code="t">Chillicothe semi-weekly constitution</subfield><subfield code="w">(DLC)sn 89066149</subfield></datafield><datafield ind1="0" ind2="7" tag="785"><subfield code="t">Weekly tribune (Chillicothe, Mo.)</subfield><subfield code="w">(DLC)sn 89066160</subfield></datafield><datafield ind1="0" ind2="7" tag="785"><subfield code="t">Constitution-tribune (Chillicothe, Mo. : 1928 : Weekly ed.)</subfield><subfield code="w">(DLC)sn 89066153</subfield></datafield><datafield ind1="1" ind2=" " tag="029"><subfield code="a">AU@</subfield><subfield code="b">000020550521</subfield></datafield></record>